@proceedings{Garcia2018:TTC,
  editor    = {Garc{\'{\i}}a{-}Dom{\'{\i}}nguez, Antonio and
               Hinkel, Georg and
               Krikava, Filip},
  title     = {Proceedings of the 11th Transformation Tool Contest, co-located with
               the 2018 Software Technologies: Applications and Foundations, TTC@STAF
               2018, Toulouse, France, June 29, 2018},
  series    = {{CEUR} Workshop Proceedings},
  volume    = {2310},
  publisher = {CEUR-WS.org},
  year      = {2019},
  url       = {http://ceur-ws.org/Vol-2310}
}

@inproceedings{KarnaTK2009:OOPSLA,
    title={Evaluating the use of domain-specific modeling in practice},
    author={K{\"a}rn{\"a}, Juha and Tolvanen, Juha-Pekka and Kelly, Steven},
    booktitle={Proceedings of the 9th OOPSLA workshop on Domain-Specific Modeling},
    year={2009}
}

@inproceedings{TisiMKDMDP2019:STAF,
  TITLE = {{Lowcomote: Training the Next Generation of Experts in Scalable Low-Code Engineering Platforms}},
  AUTHOR = {Tisi, Massimo and Mottu, Jean-Marie and Kolovos, Dimitrios S. and De Lara, Juan and Guerra, Esther M and Di Ruscio, Davide and Pierantonio, Alfonso and Wimmer, Manuel},
  URL = {https://hal.archives-ouvertes.fr/hal-02363416},
  BOOKTITLE = {{STAF 2019, Software Technologies: Applications and Foundations (STAF 2019)}},
  ADDRESS = {Eindhoven, Netherlands},
  SERIES = {CEUR Workshop Proceedings (CEUR-WS.org)},
  YEAR = {2019},
  MONTH = Jul
}

@article{ChingEKLM2015:OTE,
  author    = {Ching, Avery and Edunov, Sergey and Kabiljo, Maja and Logothetis, Dionysios and Muthukrishnan, Sambavi},
  title     = {One Trillion Edges: Graph Processing at Facebook-scale},
  journal   = {Proc. VLDB Endow.},
  issue_date= {August 2015},
  volume    = {8},
  number    = {12},
  month     = {Aug} ,
  year      = {2015},
  issn      = {2150-8097},
  pages     = {1804--1815},
  numpages  = {12},
  url       = {http://dx.doi.org/10.14778/2824032.2824077},
  doi       = {10.14778/2824032.2824077},
  acmid     = {2824077},
  publisher = {VLDB Endowment},
} 


@article{Forgy1982:AI,
  added-at = {2009-06-30T14:21:54.000+0200},
  author = {Forgy, Charles},
  description = {Updated base references},
  issn = {0004-3702},
  journal = {Artificial Intelligences},
  keywords = {algorithm fast pattern rete},
  number = 1,
  owner = {flint},
  pages = {17-37},
  title = {Rete: A Fast Algorithm for the Many Pattern/Many Object Pattern Match
  Problem},
  url = {http://dx.doi.org/10.1016/0004-3702(82)90020-0},
  volume = 19,
  year = 1982
}



@article{MartinezTD2017:SCP,
  author    = {Mart{\'{\i}}nez Perez, Salvador and
               Tisi, Massimo and
               Douence, R{\'{e}}mi},
  title     = {Reactive model transformation with {ATL}},
  journal   = {Sci. Comput. Program.},
  keywords  = {Model-driven engineering, Model transformations, Reactive programming},
  volume    = {136},
  pages     = {1--16},
  year      = {2017},
  issn      = {0167-6423},
  url       = {https://doi.org/10.1016/j.scico.2016.08.006},
  doi       = {10.1016/j.scico.2016.08.006},
}

@inproceedings{DeanG2004:OSDI,
author    = {Dean, Jeffrey and Ghemawat, Sanjay},
title     = {MapReduce: Simplified Data Processing on Large Clusters},
booktitle = {Proceedings of the 6th Conference on Symposium on Operating Systems Design \& Implementation - Volume 6},
series    = {OSDI'04},
year      = {2004},
location  = {San Francisco, CA},
pages     = {137--149},
numpages  = {13},
url       = {http://dl.acm.org/citation.cfm?id=1251254.1251264},
acmid     = {1251264},
publisher = {USENIX Association},
address   = {Berkeley, CA, USA},
} 

@inproceedings{PhilippeCTS2020:MODELS,
author = {Philippe, Jolan and Coullon, H\'{e}l\'{e}ne and Tisi, Massimo and Suny\'{e}, Gerson},
title = {Towards Transparent Combination of Model Management Execution Strategies for Low-Code Development Platforms},
year = {2020},
isbn = {9781450381352},
publisher = {Association for Computing Machinery},
address = {New York, NY, USA},
url = {https://doi.org/10.1145/3417990.3420206},
doi = {10.1145/3417990.3420206},
booktitle = {Proceedings of the 23rd ACM/IEEE International Conference on Model Driven Engineering Languages and Systems: Companion Proceedings},
articleno = {72},
numpages = {10},
keywords = {model-driven engineering, multi-strategy, OCL, low-code development, spark},
location = {Virtual Event, Canada},
series = {MODELS '20}
}

@inproceedings{BenelallamGTC2015:SLE,
  author    = {Benelallam, Amine and
               G{\'{o}}mez, Abel and
               Massimo Tisi, Massimo and
               Cabot, Jordi},
  editor    = {R. Paige, Richard and
               Di Ruscio, Davide and
               V{\"{o}}lter, Markus},
  title     = {Distributed model-to-model transformation with {ATL} on {M}ap{R}educe},
  booktitle = {Proceedings of the 2015 {ACM} {SIGPLAN} International Conference on
               Software Language Engineering, {SLE} 2015, Pittsburgh, PA, USA, October
               25-27, 2015},
  pages     = {37--48},
  series    = {SLE 2015},
  keywords  = {ATL, Distributed Computing, Language Engineering, MapReduce, Model Transformation},
  acmid     = {2814258},
  doi       = {10.1145/2814251.2814258},
  publisher = {{ACM}},
  year      = {2015},
  url       = {https://dl.acm.org/citation.cfm?id=2814258},
}

@InProceedings{Krause2014:FASE,
  author= {Krause, Christian
    and Tichy, Matthias
    and Giese, Holger},
  editor= {Gnesi, Stefania
    and Rensink, Arend},
  title= {Implementing Graph Transformations in the Bulk Synchronous Parallel Model},
  booktitle= {Fundamental Approaches to Software Engineering},
  year= {2014},
  publisher= {Springer Berlin Heidelberg},
  address= {Berlin, Heidelberg},
  pages= {325--339},
  isbn= {978-3-642-54804-8},
  doi= {10.1007/978-3-642-54804-8_23}
}
@article{BurguenoWV2016:INFSOF,
  author    = {Burgue\~{n}o, Loli and Wimmer, Manuel and Vallecillo, Antonio},
  title     = {A {L}inda-based platform for the parallel execution of out-place model
               transformations},
  journal   = {Information {\&} Software Technology},
  volume    = {79},
  number    = {C},
  pages     = {17--35},
  year      = {2016},
  month     = {Nov},
  issn      = {0950-5849},
  numpages  = {19},
  acmid     = {2994723},
  publisher = {Butterworth-Heinemann},
  address   = {Newton, MA, USA},
  keywords  = {Model transformation, Parallelization, Performance, Scalability},
  url       = {https://doi.org/10.1016/j.infsof.2016.06.001},
  doi       = {10.1016/j.infsof.2016.06.001},
}

@inproceedings{BurguenoTWV2015:STAF,
  author    = {Burgue{\~{n}}o, Loli and
               Troya, Javier and
               Wimmer, Manuel and
               Vallecillo, Antonio},
  title     = {Parallel In-place Model Transformations with {L}in{T}ra},
  booktitle = {Proceedings on the Software Technologies: Applications and Foundations {(STAF}
               2015) federation of conferences, L'Aquila, Italy, July 23, 2015.},
  series    = {{CEUR} Workshop Proceedings},
  volume    = {1406},
  pages     = {52--62},
  publisher = {CEUR-WS.org},
  year      = {2015},
  url       = {http://ceur-ws.org/Vol-1406/paper6.pdf},
}


@inproceedings{TisiPC2013:MODELS,
  author    = {Tisi, Massimo and
               Perez, Mart{\'{\i}}nez Salvador  and
               Choura, Hassene},
  title     = {Parallel Execution of {ATL} Transformation Rules},
  booktitle = {Model-Driven Engineering Languages and Systems - 16th International
               Conference, {MODELS} 2013, Miami, FL, USA, September 29 - October
               4, 2013. Proceedings},
  series    = {Lecture Notes in Computer Science},
  volume    = {8107},
  pages     = {656--672},
  publisher = {Springer},
  year      = {2013},
  url       = {https://doi.org/10.1007/978-3-642-41533-3\_40},
  doi       = {10.1007/978-3-642-41533-3\_40},
}

@article{MadaniKP2019:JOT,
  author = {Madani, Sina and Kolovos, Dimitris S. and Paige, Richard F.},
  title = {Towards Optimisation of Model Queries: A Parallel Execution Approach},
  journal = {Journal of Object Technology},
  volume = {18},
  number = {2},
  issn = {1660-1769},
  year = {2019},
  month = jul,
  editor = {Benoit Combemale and Ali Shaukat},
  note = {The 15th European Conference on Modelling Foundations and Applications},
  pages = {3:1-21},
  doi = {10.5381/jot.2019.18.2.a3},
  url = {http://www.jot.fm/contents/issue_2019_02/article3.html}
}
